@book{haladat,
    title={Vapor--Liquid Equilibrium Data at Normal Pressures},
    author={Hala, E. and Wichterle, I. and Pol\'ak, J and Boublik, T.},
    year=1968,
    publisher={Pergamon Press}
}
@book{wichtdat,
    title={Vapor--Liquid Equilibrium in Mixtures and Solutions},
    author={Wichterle, I. and Linek, J. and Wagner, Z. and Fontaine, K. and
    Sonskowska-Kehiaian, K. and Kehiaian, H. V.},
    year=2007,
    publisher={Springer},
    address={New York},
    isbn={978-3-540-49314-3}
}
@book{enggbook,
    title={Introductory Chemical Engineering Thermodynamics},
    edition={2nd},
    author={Elliot, J. R. and Lira, C. T.},
    year=2012,
    publisher={Prentice Hall},
    isbn={978-0-136-06854-9}
}
@book{perry7th,
    title={Perry's chemical engineer's handbook},
    edition={7th},
    year=1997,
    editor={Perry, R. H. and Green, D. W. and Maloney, J. O.},
    publisher={McGraw--Hill},
    isbn="0-07-049841-5"
}